@misc{baire,
  author       = {{Encyclopedia of Mathematics}},
  note         = {Accessed on March 23, 2024},
  organization = {EMS Press},
  title        = {Baire classes},
  url          = {http://encyclopediaofmath.org/index.php?title=Baire_classes&oldid=30160},
  year         = {2013}
}
@inproceedings{blakley-roy,
  author = {G. R. Blakley and Prabir Roy},
  title  = {A H{\"o}lder type inequality for symmetric matrices with nonnegative entries},
  year   = {1965}
}
@inbook{bottcher,
  address   = {Gurgaon},
  author    = {B{\"o}ttcher, Albrecht
               and Grudsky, Sergei M.},
  booktitle = {Toeplitz Matrices, Asymptotic Linear Algebra and Functional Analysis},
  doi       = {10.1007/978-93-86279-04-0_5},
  pages     = {78--106},
  publisher = {Hindustan Book Agency},
  title     = {Singular Values},
  url       = {https://doi.org/10.1007/978-93-86279-04-0_5},
  year      = {2000}
}
@misc{code,
  author = {{Tiago Trindade}},
  title  = {k-continuous-algorithms},
  url    = {https://github.com/TiagoCavalcante/k-continuous-algorithms},
  year   = {2024}
}
@article{coulson,
  author  = {C. A. Coulson},
  doi     = {10.2307/3613451},
  journal = {The Mathematical Gazette},
  number  = {383},
  pages   = {7--13},
  title   = {How Many Different Keys?},
  url     = {https://doi.org/10.2307/3613451},
  volume  = {53},
  year    = {1969}
}
@book{Douglas1998,
  address   = {New York, NY},
  author    = {Ronald G. Douglas},
  doi       = {10.1007/978-1-4612-1656-8},
  edition   = {2nd},
  publisher = {Springer},
  title     = {Banach Algebra Techniques in Operator Theory},
  year      = {1998}
}
@article{erdos-simonovits,
  author  = {Erdős, P. and Simonovits, M.},
  doi     = {10.1007/BF02579234},
  journal = {Combinatorica},
  number  = {3},
  pages   = {275--288},
  title   = {Compactness results in extremal graph theory},
  url     = {https://doi.org/10.1007/BF02579234},
  volume  = {2},
  year    = {1982}
}
@misc{github,
  author       = {Tiago Trindade},
  howpublished = {\url{https://github.com/TiagoCavalcante/k-bounded}},
  publisher    = {GitHub},
  title        = {k-bounded},
  year         = {2024}
}
@article{gohberg1972,
  author   = {I. C. Gohberg and A. A. Semencul},
  journal  = {Matematicheskie Issledovaniya},
  language = {Russian},
  note     = {English translation in Mathematics of the USSR-Sbornik, 18(2):153--172, 1972},
  number   = {2},
  pages    = {201--223},
  title    = {On the inversion of finite Toeplitz matrices and their continuous analogs},
  volume   = {7},
  year     = {1972}
}
@misc{holder,
  author       = {{Encyclopedia of Mathematics}},
  note         = {Accessed on March 23, 2024},
  organization = {EMS Press},
  title        = {Hölder condition},
  url          = {http://encyclopediaofmath.org/index.php?title=H%C3%B6lder_condition&oldid=55195},
  year         = {2024}
}
@book{horn2013matrix,
  author    = {Horn, Roger A and Johnson, Charles R},
  publisher = {Cambridge University Press},
  title     = {Matrix Analysis},
  year      = {2013}
}
@article{szego1915,
  author  = {G. Szegö},
  doi     = {10.1007/BF01458220},
  journal = {Mathematische Annalen},
  pages   = {490--503},
  title   = {Ein Grenzwertsatz über die Toeplitzschen Determinanten einer reellen positiven Funktion},
  volume  = {76},
  year    = {1915}
}
@article{toeplitz,
  author  = {Toeplitz, Otto},
  doi     = {10.1007/BF01564502},
  journal = {Mathematische Annalen},
  number  = {383},
  pages   = {351--376},
  title   = {Zur Theorie der quadratischen und bilinearen Formen von unendlichvielen Veränderlichen},
  volume  = {70},
  year    = {1911}
}
@article{Toeplitz1911,
  author  = {Otto Toeplitz},
  doi     = {10.1007/BF01564502},
  journal = {Mathematische Annalen},
  number  = {3},
  pages   = {351--376},
  title   = {Zur Theorie der quadratischen und bilinearen Formen von unendlichvielen Veränderlichen},
  url     = {https://link.springer.com/article/10.1007/BF01564502},
  volume  = {70},
  year    = {1911}
}
@misc{vitali,
  author       = {{Encyclopedia of Mathematics}},
  note         = {Accessed on March 23, 2024},
  organization = {EMS Press},
  title        = {Non-measurable set},
  url          = {https://encyclopediaofmath.org/wiki/Non-measurable_set&oldid=48000},
  year         = {2020}
}
@book{wiener1931,
  author    = {Wiener, N. and Hopf, E.},
  publisher = {Akad. d. Wiss.},
  series    = {Sitzungsberichte der Preussischen Akademie der Wissenschaften. Physikalisch-mathematische Klasse},
  title     = {{\"U}ber eine Klasse singul{\"a}rer Integralgleichungen},
  year      = {1931}
}
